<record><leader>00000cas a2200000 a 4500</leader><controlfield tag="001">29215950</controlfield><controlfield tag="008">931029d19771989ilumr n       0   a0eng c</controlfield><datafield ind1=" " ind2=" " tag="010"><subfield code="a">sn2003061912</subfield></datafield><datafield ind1=" " ind2=" " tag="040"><subfield code="a">IDM</subfield><subfield code="b">eng</subfield><subfield code="c">IDM</subfield><subfield code="d">NVF</subfield><subfield code="d">OCLCQ</subfield><subfield code="d">OCLCF</subfield><subfield code="d">OCLCO</subfield></datafield><datafield ind1="1" ind2=" " tag="029"><subfield code="a">AU@</subfield><subfield code="b">000024785077</subfield></datafield><datafield ind1=" " ind2=" " tag="042"><subfield code="a">pcc</subfield></datafield><datafield ind1=" " ind2=" " tag="043"><subfield code="a">n-us-il</subfield></datafield><datafield ind1="0" ind2="0" tag="245"><subfield code="a">West Bluff.</subfield></datafield><datafield ind1="1" ind2=" " tag="246"><subfield code="i">Published Oct. 1977-1989 as:</subfield><subfield code="a">West Bluff word</subfield></datafield><datafield ind1=" " ind2=" " tag="260"><subfield code="a">Peoria, Ill. :</subfield><subfield code="b">West Bluff Newspaper Inc.,</subfield><subfield code="c">1977-1989.</subfield></datafield><datafield ind1=" " ind2=" " tag="300"><subfield code="a">v.</subfield></datafield><datafield ind1=" " ind2=" " tag="310"><subfield code="a">Monthly,</subfield><subfield code="b">Sept. 1988-1989</subfield></datafield><datafield ind1=" " ind2=" " tag="321"><subfield code="a">Monthly (except Jan., July and Aug.),</subfield><subfield code="b">1977-May 1981</subfield></datafield><datafield ind1=" " ind2=" " tag="321"><subfield code="a">Monthly (except Jan. and Aug.),</subfield><subfield code="b">June 1981-Dec. 1984</subfield></datafield><datafield ind1=" " ind2=" " tag="321"><subfield code="a">Monthly (except Jan.),</subfield><subfield code="b">Feb. 1985-Apr. 1988</subfield></datafield><datafield ind1="0" ind2=" " tag="362"><subfield code="a">Vol. 1, no. 1 (Sept. 1977)-v. 12, no. 8 (Aug. 1989).</subfield></datafield><datafield ind1=" " ind2=" " tag="500"><subfield code="a">Publisher: The Word Pub. Inc., Sept. 1988-1989.</subfield></datafield><datafield ind1=" " ind2=" " tag="515"><subfield code="a">Suspended with Apr. 1988 issue; resumed with Sept. 1988 issue.</subfield></datafield><datafield ind1=" " ind2=" " tag="515"><subfield code="a">Volume, number, and chronological designation irregularities.</subfield></datafield><datafield ind1=" " ind2="0" tag="651"><subfield code="a">Peoria (Ill.)</subfield><subfield code="v">Newspapers.</subfield></datafield><datafield ind1=" " ind2="7" tag="655"><subfield code="a">Newspapers.</subfield><subfield code="2">fast</subfield><subfield code="0">(OCoLC)fst01423814</subfield></datafield><datafield ind1=" " ind2="7" tag="651"><subfield code="a">Illinois</subfield><subfield code="z">Peoria.</subfield><subfield code="2">fast</subfield><subfield code="0">(OCoLC)fst01206107</subfield></datafield><datafield ind1=" " ind2=" " tag="752"><subfield code="a">United States</subfield><subfield code="b">Illinois</subfield><subfield code="c">Peoria</subfield><subfield code="d">Peoria.</subfield></datafield><datafield ind1="0" ind2="0" tag="785"><subfield code="t">Community word</subfield><subfield code="w">(DLC)sn2003061913</subfield><subfield code="w">(OCoLC)29215972</subfield></datafield></record>